@article{Pen11,
  title={The HST/ACS Coma Cluster Survey. IV. Intergalactic Globular Clusters and the Massive Globular Cluster System at the Core of the Coma Galaxy Cluster},
  author={Peng, Eric W and Ferguson, Henry C and Goudfrooij, Paul and Hammer, Derek and Lucey, John R and Marzke, Ronald O and Puzia, Thomas H and Carter, David and Balcells, Marc and Bridges, Terry and others},
  journal={The Astrophysical Journal},
  volume={730},
  number={1},
  pages={23},
  year={2011},
  publisher={IOP Publishing}
}

@article{Bro06,
  title={Extragalactic globular clusters and galaxy formation},
  author={Brodie, Jean P and Strader, Jay},
  journal={Annu. Rev. Astron. Astrophys.},
  volume={44},
  pages={193--267},
  year={2006},
  publisher={Annual Reviews}
}

@ARTICLE{Hud18,
       author = {{Hudson}, Michael J. and {Robison}, Bailey},
        title = "{The correlation between the sizes of globular cluster systems and their
        host dark matter haloes}",
      journal = {Monthly Notices of the Royal Astronomical Society},
     keywords = {globular clusters: general, galaxies: groups: individual, galaxies:
        haloes, Astrophysics - Astrophysics of Galaxies, Astrophysics -
        Cosmology and Nongalactic Astrophysics},
         year = 2018,
        month = Jul,
       volume = {477},
        pages = {3869-3885},
          doi = {10.1093/mnras/sty844},
       adsurl = {https://ui.adsabs.harvard.edu/#abs/2018MNRAS.477.3869H},
      adsnote = {Provided by the SAO/NASA Astrophysics Data System}
}

@article{Kra05,
  title={Formation of globular clusters in hierarchical cosmology},
  author={Kravtsov, Andrey V and Gnedin, Oleg Y},
  journal={The Astrophysical Journal},
  volume={623},
  number={2},
  pages={650},
  year={2005},
  publisher={IOP Publishing}
}

@ARTICLE{Boy18,
       author = {{Boylan-Kolchin}, Michael},
        title = "{The Little Engines That Could? Globular Clusters Contribute
        Significantly to Reionization-era Star Formation}",
      journal = {\mnras},
     keywords = {globular clusters: general, dark ages, reionization, first stars,
        galaxies: formation, Astrophysics - Astrophysics of Galaxies,
        Astrophysics - Cosmology and Nongalactic Astrophysics},
         year = 2018,
        month = Jun,
        pages = {1423},
          doi = {10.1093/mnras/sty1490},
       adsurl = {https://ui.adsabs.harvard.edu/#abs/2018MNRAS.tmp.1423B},
      adsnote = {Provided by the SAO/NASA Astrophysics Data System}
}
@article{Wan15,
  title={NBODY6++ GPU: ready for the gravitational million-body problem},
  author={Wang, Long and Spurzem, Rainer and Aarseth, Sverre and Nitadori, Keigo and Berczik, Peter and Kouwenhoven, MBN and Naab, Thorsten},
  journal={Monthly Notices of the Royal Astronomical Society},
  volume={450},
  number={4},
  pages={4070--4080},
  year={2015},
  publisher={Oxford University Press}
}

@ARTICLE{Aar99,
   author = {{Aarseth}, S.~J.},
    title = "{From NBODY1 to NBODY6: The Growth of an Industry}",
  journal = {Publications of the ASP},
 keywords = {STARS: BINARIES: CLOSE, METHODS: MISCELLANEOUS, METHODS: N-BODY SIMULATIONS, CELESTIAL MECHANICS, STELLAR DYNAMICS},
     year = 1999,
    month = nov,
   volume = 111,
    pages = {1333-1346},
      doi = {10.1086/316455},
   adsurl = {http://ukads.nottingham.ac.uk/abs/1999PASP..111.1333A},
  adsnote = {Provided by the SAO/NASA Astrophysics Data System}
}

@ARTICLE{Nor83,
       author = {{Norris}, J.},
        title = "{The ellipticities of globular clusters and the second parameter problem.}",
      journal = {\apj},
     keywords = {Abundance, Globular Clusters, Horizontal Branch Stars, Stellar Rotation,
        Angular Momentum, Ellipticity, Star Distribution, Stellar
        Evolution, Astrophysics},
         year = 1983,
        month = Sep,
       volume = {272},
        pages = {245-248},
          doi = {10.1086/161286},
       adsurl = {https://ui.adsabs.harvard.edu/#abs/1983ApJ...272..245N},
      adsnote = {Provided by the SAO/NASA Astrophysics Data System}
}

@ARTICLE{Mad17,
       author = {{Madrid}, Juan P. and {Leigh}, Nathan W.~C. and {Hurley}, Jarrod R. and
        {Giersz}, Mirek},
        title = "{Mass evaporation rate of globular clusters in a strong tidal field}",
      journal = {\mnras},
     keywords = {methods: numerical, stars: kinematics and dynamics, globular clusters:
        general, stars: kinematics and dynamics - globular clusters:
        general, Astrophysics - Astrophysics of Galaxies},
         year = 2017,
        month = Sep,
       volume = {470},
        pages = {1729-1737},
          doi = {10.1093/mnras/stx1350},
       adsurl = {https://ui.adsabs.harvard.edu/#abs/2017MNRAS.470.1729M},
      adsnote = {Provided by the SAO/NASA Astrophysics Data System}
}
@ARTICLE{Ren17,
       author = {{Renaud}, Florent and {Agertz}, Oscar and {Gieles}, Mark},
        title = "{The origin of the Milky Way globular clusters}",
      journal = {\mnras},
     keywords = {methods: numerical, galaxies: formation, galaxies: star clusters:
        general, Astrophysics - Astrophysics of Galaxies},
         year = 2017,
        month = Mar,
       volume = {465},
        pages = {3622-3636},
          doi = {10.1093/mnras/stw2969},
       adsurl = {https://ui.adsabs.harvard.edu/#abs/2017MNRAS.465.3622R},
      adsnote = {Provided by the SAO/NASA Astrophysics Data System}
}

@ARTICLE{Kin62,
       author = {{King}, Ivan},
        title = "{The structure of star clusters. I. an empirical density law}",
      journal = {\aj},
         year = 1962,
        month = Oct,
       volume = {67},
        pages = {471},
          doi = {10.1086/108756},
       adsurl = {https://ui.adsabs.harvard.edu/#abs/1962AJ.....67..471K},
      adsnote = {Provided by the SAO/NASA Astrophysics Data System}
}

@ARTICLE{Kup15,
       author = {{K{\"u}pper}, Andreas H.~W. and {Balbinot}, Eduardo and {Bonaca}, Ana
        and {Johnston}, Kathryn V. and {Hogg}, David W. and {Kroupa},
        Pavel and {Santiago}, Basilio X.},
        title = "{Globular Cluster Streams as Galactic High-Precision
        Scales{\textemdash}the Poster Child Palomar 5}",
      journal = {\apj},
     keywords = {dark matter, Galaxy: fundamental parameters, Galaxy: halo, Galaxy:
        kinematics and dynamics, Galaxy: structure, globular clusters:
        individual: Palomar 5, Astrophysics - Astrophysics of Galaxies,
        Astrophysics - Solar and Stellar Astrophysics},
         year = 2015,
        month = Apr,
       volume = {803},
          eid = {80},
        pages = {80},
          doi = {10.1088/0004-637X/803/2/80},
       adsurl = {https://ui.adsabs.harvard.edu/#abs/2015ApJ...803...80K},
      adsnote = {Provided by the SAO/NASA Astrophysics Data System}
}

@ARTICLE{Dot13,
       author = {{Dotter}, Aaron},
        title = "{The Second Parameter Problem(s)}",
      journal = {Memorie della Societa Astronomica Italiana},
     keywords = {Stars: abundances, Galaxy: formation, Galaxy: globular clusters, Stars:
        evolution, Astrophysics - Solar and Stellar Astrophysics,
        Astrophysics - Galaxy Astrophysics},
         year = 2013,
        month = Jan,
       volume = {84},
        pages = {97},
       adsurl = {https://ui.adsabs.harvard.edu/#abs/2013MmSAI..84...97D},
      adsnote = {Provided by the SAO/NASA Astrophysics Data System}
}

@INPROCEEDINGS{Gon05,
       author = {{Gonz{\'a}lez}, A.},
        title = "{Core Radius-Mass Evolution of Globular Clusters}",
     keywords = {Globular Clusters, Dynamics: Binary interaction, Mass-Radius: Evolution},
    booktitle = {Revista Mexicana de Astronomia y Astrofisica Conference Series},
         year = 2005,
       volume = {24},
        month = Dec,
        pages = {177-178},
       adsurl = {https://ui.adsabs.harvard.edu/#abs/2005RMxAC..24..177G},
      adsnote = {Provided by the SAO/NASA Astrophysics Data System}
}

@ARTICLE{Lan07,
       author = {{Lanzoni}, B. and {Dalessandro}, E. and {Ferraro}, F.~R. and {Mancini},
        C. and {Beccari}, G. and {Rood}, R.~T. and {Mapelli}, M. and
        {Sigurdsson}, S.},
        title = "{The Blue Straggler Population of the Globular Cluster M5}",
      journal = {\apj},
     keywords = {Stars: Binaries: General, Stars: Blue Stragglers, Galaxy: Globular
        Clusters: Individual: Messier Number: M5, Stars: Evolution,
        Astrophysics},
         year = 2007,
        month = Jul,
       volume = {663},
        pages = {267-276},
          doi = {10.1086/518592},
       adsurl = {https://ui.adsabs.harvard.edu/#abs/2007ApJ...663..267L},
      adsnote = {Provided by the SAO/NASA Astrophysics Data System}
}

@ARTICLE{Kup11,
       author = {{K{\"u}pper}, Andreas H.~W. and {Maschberger}, Thomas and {Kroupa},
        Pavel and {Baumgardt}, Holger},
        title = "{Mass segregation and fractal substructure in young massive clusters - I.
        The McLuster code and method calibration}",
      journal = {\mnras},
     keywords = {methods: data analysis, Magellanic Clouds, galaxies: star clusters:
        individual: R136, Astrophysics - Astrophysics of Galaxies,
        Astrophysics - Cosmology and Nongalactic Astrophysics,
        Astrophysics - Instrumentation and Methods for Astrophysics,
        Astrophysics - Solar and Stellar Astrophysics},
         year = 2011,
        month = Nov,
       volume = {417},
        pages = {2300-2317},
          doi = {10.1111/j.1365-2966.2011.19412.x},
       adsurl = {https://ui.adsabs.harvard.edu/#abs/2011MNRAS.417.2300K},
      adsnote = {Provided by the SAO/NASA Astrophysics Data System}
}

@ARTICLE{Her90,
       author = {{Hernquist}, Lars},
        title = "{An Analytical Model for Spherical Galaxies and Bulges}",
      journal = {\apj},
     keywords = {Computational Astrophysics, Elliptical Galaxies, Galactic Bulge,
        Galactic Structure, Astronomical Models, Astronomical
        Photometry, Brightness Distribution, Distribution Functions,
        Astrophysics, GALAXIES: PHOTOMETRY, GALAXIES: STRUCTURE},
         year = 1990,
        month = Jun,
       volume = {356},
        pages = {359},
          doi = {10.1086/168845},
       adsurl = {https://ui.adsabs.harvard.edu/#abs/1990ApJ...356..359H},
      adsnote = {Provided by the SAO/NASA Astrophysics Data System}
}

@ARTICLE{Miy75,
       author = {{Miyamoto}, M. and {Nagai}, R.},
        title = "{Three-dimensional models for the distribution of mass in galaxies.}",
      journal = {Publications of the Astronomical Society of Japan},
     keywords = {Astronomical Models, Density Distribution, Galactic Structure, Mass
        Distribution, Potential Theory, Three Dimensional Models,
        Functions (Mathematics), Globular Clusters, Gravitational
        Effects, Mathematical Models, Milky Way Galaxy, Astrophysics},
         year = 1975,
        month = Jan,
       volume = {27},
        pages = {533-543},
       adsurl = {https://ui.adsabs.harvard.edu/#abs/1975PASJ...27..533M},
      adsnote = {Provided by the SAO/NASA Astrophysics Data System}
}

@ARTICLE{Wil03,
       author = {{Wilkinson}, M.~I. and {Hurley}, J.~R. and {Mackey}, A.~D. and
        {Gilmore}, G.~F. and {Tout}, C.~A.},
        title = "{Core radius evolution of star clusters}",
      journal = {\mnras},
     keywords = {globular clusters: general, Magellanic Clouds, galaxies: star clusters,
        Astrophysics},
         year = 2003,
        month = Aug,
       volume = {343},
        pages = {1025-1037},
          doi = {10.1046/j.1365-8711.2003.06749.x},
       adsurl = {https://ui.adsabs.harvard.edu/#abs/2003MNRAS.343.1025W},
      adsnote = {Provided by the SAO/NASA Astrophysics Data System}
}

@ARTICLE{Fal01,
       author = {{Fall}, S. Michael and {Zhang}, Qing},
        title = "{Dynamical Evolution of the Mass Function of Globular Star Clusters}",
      journal = {\apj},
     keywords = {Celestial Mechanics, Stellar Dynamics, Galaxies: Kinematics and
        Dynamics, Galaxies: Star Clusters, Galaxy: Kinematics and
        Dynamics, Galaxy: Globular Clusters: General, Astrophysics},
         year = 2001,
        month = Nov,
       volume = {561},
        pages = {751-765},
          doi = {10.1086/323358},
       adsurl = {https://ui.adsabs.harvard.edu/#abs/2001ApJ...561..751F},
      adsnote = {Provided by the SAO/NASA Astrophysics Data System}
}

@ARTICLE{Gne99,
       author = {{Gnedin}, Oleg Y. and {Lee}, Hyung Mok and {Ostriker}, Jeremiah P.},
        title = "{Effects of Tidal Shocks on the Evolution of Globular Clusters}",
      journal = {\apj},
     keywords = {CELESTIAL MECHANICS, STELLAR DYNAMICS, GALAXY: GLOBULAR CLUSTERS:
        GENERAL, GLOBULAR CLUSTERS: INDIVIDUAL (NGC 6254), Celestial
        Mechanics, Stellar Dynamics, Galaxy: Globular Clusters: General,
        globular clusters: individual (NGC 6254), Astrophysics},
         year = 1999,
        month = Sep,
       volume = {522},
        pages = {935-949},
          doi = {10.1086/307659},
       adsurl = {https://ui.adsabs.harvard.edu/#abs/1999ApJ...522..935G},
      adsnote = {Provided by the SAO/NASA Astrophysics Data System}
}





